<record xmlns="http://www.loc.gov/MARC21/slim" xmlns:xsi="http://www.w3.org/2001/XMLSchema-instance" xsi:schemaLocation="http://www.loc.gov/MARC21/slim http://www.loc.gov/standards/marcxml/schema/MARC21slim.xsd"><leader>01006cz   2200181n  4500</leader><controlfield tag="001">oca01612935 </controlfield><controlfield tag="005">20030902051815.0</controlfield><controlfield tag="008">860609n| acannaabn          |a aaa      </controlfield><datafield ind1=" " ind2=" " tag="010"><subfield code="a">n  85288052 </subfield></datafield><datafield ind1=" " ind2=" " tag="040"><subfield code="a">DLC</subfield><subfield code="b">eng</subfield><subfield code="c">DLC</subfield><subfield code="d">DLC</subfield><subfield code="d">OCoLC</subfield><subfield code="d">Uk</subfield></datafield><datafield ind1="1" ind2=" " tag="100"><subfield code="a">Messalla Corvinus, Marcus Valerius,</subfield><subfield code="d">64 B.C.-ca. 8 A.D.</subfield></datafield><datafield ind1="1" ind2=" " tag="400"><subfield code="a">Corvinus, Marcus,</subfield><subfield code="d">64 B.C.-ca. 8 A.D.</subfield></datafield><datafield ind1="1" ind2=" " tag="400"><subfield code="a">Messalla,</subfield><subfield code="d">64 B.C.-ca. 8 A.D.</subfield></datafield><datafield ind1=" " ind2=" " tag="670"><subfield code="a">Mossbrucker, B. Tibull und Messalla, 1983:</subfield><subfield code="b">t.p. (Messalla)</subfield></datafield><datafield ind1=" " ind2=" " tag="670"><subfield code="a">Brockh. Enz.</subfield><subfield code="b">(Messalla Corvinus, Marcus Valerius; b. 64 B.C.; d. 13 A.D.)</subfield></datafield><datafield ind1=" " ind2=" " tag="670"><subfield code="a">Enc. Brit.</subfield><subfield code="b">(Messalla Corvinus, Marcus Valerius; b. 64 B.C.; d. 8 A.D.; Roman general, patron of literature, his immediate circle included Tibullus)</subfield></datafield><datafield ind1=" " ind2=" " tag="670"><subfield code="a">White murder, 2002:</subfield><subfield code="b">cover (a Marcus Corvinus mystery)</subfield></datafield><datafield ind1=" " ind2=" " tag="670"><subfield code="a">Falcophiles WWW Site, 1 Sept. 2003:</subfield><subfield code="b">David Wishart Review page (David Wishart's mystery series is about a senatorial class amateur sleuth called Marcus Corvinus, full name Marcus Valerius Messalla Corvinus)</subfield></datafield></record>